%YAML 1.1
%TAG !u! tag:unity3d.com,2011:
--- !u!1 &2780392579532157153
GameObject:
  m_ObjectHideFlags: 0
  m_CorrespondingSourceObject: {fileID: 0}
  m_PrefabInstance: {fileID: 0}
  m_PrefabAsset: {fileID: 0}
  serializedVersion: 6
  m_Component:
  - component: {fileID: 468603526795965428}
  - component: {fileID: 5347255689743664999}
  m_Layer: 0
  m_Name: Ship
  m_TagString: Untagged
  m_Icon: {fileID: 0}
  m_NavMeshLayer: 0
  m_StaticEditorFlags: 0
  m_IsActive: 1
--- !u!4 &468603526795965428
Transform:
  m_ObjectHideFlags: 0
  m_CorrespondingSourceObject: {fileID: 0}
  m_PrefabInstance: {fileID: 0}
  m_PrefabAsset: {fileID: 0}
  m_GameObject: {fileID: 2780392579532157153}
  m_LocalRotation: {x: 0, y: 0, z: 0, w: 1}
  m_LocalPosition: {x: 0, y: 0, z: 0}
  m_LocalScale: {x: 1, y: 1, z: 1}
  m_Children:
  - {fileID: 7813314061013042841}
  - {fileID: 6136588953695568842}
  - {fileID: 8238782308730421660}
  - {fileID: 4920643393419274322}
  - {fileID: 4140001843291218868}
  - {fileID: 8037754997664973396}
  - {fileID: 4284683367285464657}
  - {fileID: 8328075426316372455}
  - {fileID: 7043891924215744391}
  - {fileID: 7115811182543814469}
  m_Father: {fileID: 0}
  m_RootOrder: 0
  m_LocalEulerAnglesHint: {x: 0, y: 0, z: 0}
--- !u!54 &5347255689743664999
Rigidbody:
  m_ObjectHideFlags: 0
  m_CorrespondingSourceObject: {fileID: 0}
  m_PrefabInstance: {fileID: 0}
  m_PrefabAsset: {fileID: 0}
  m_GameObject: {fileID: 2780392579532157153}
  serializedVersion: 2
  m_Mass: 1
  m_Drag: 0
  m_AngularDrag: 0.05
  m_UseGravity: 0
  m_IsKinematic: 0
  m_Interpolate: 0
  m_Constraints: 4
  m_CollisionDetection: 0
--- !u!1001 &4140001843291093300
PrefabInstance:
  m_ObjectHideFlags: 0
  serializedVersion: 2
  m_Modification:
    m_TransformParent: {fileID: 468603526795965428}
    m_Modifications:
    - target: {fileID: 100000, guid: 0a7394c4f3448aa4babb85783a35864b, type: 3}
      propertyPath: m_Name
      value: 05_Wings
      objectReference: {fileID: 0}
    - target: {fileID: 400000, guid: 0a7394c4f3448aa4babb85783a35864b, type: 3}
      propertyPath: m_LocalPosition.x
      value: -0
      objectReference: {fileID: 0}
    - target: {fileID: 400000, guid: 0a7394c4f3448aa4babb85783a35864b, type: 3}
      propertyPath: m_LocalPosition.y
      value: 0
      objectReference: {fileID: 0}
    - target: {fileID: 400000, guid: 0a7394c4f3448aa4babb85783a35864b, type: 3}
      propertyPath: m_LocalPosition.z
      value: 0
      objectReference: {fileID: 0}
    - target: {fileID: 400000, guid: 0a7394c4f3448aa4babb85783a35864b, type: 3}
      propertyPath: m_LocalRotation.x
      value: 0
      objectReference: {fileID: 0}
    - target: {fileID: 400000, guid: 0a7394c4f3448aa4babb85783a35864b, type: 3}
      propertyPath: m_LocalRotation.y
      value: -0
      objectReference: {fileID: 0}
    - target: {fileID: 400000, guid: 0a7394c4f3448aa4babb85783a35864b, type: 3}
      propertyPath: m_LocalRotation.z
      value: -0
      objectReference: {fileID: 0}
    - target: {fileID: 400000, guid: 0a7394c4f3448aa4babb85783a35864b, type: 3}
      propertyPath: m_LocalRotation.w
      value: 1
      objectReference: {fileID: 0}
    - target: {fileID: 400000, guid: 0a7394c4f3448aa4babb85783a35864b, type: 3}
      propertyPath: m_RootOrder
      value: 4
      objectReference: {fileID: 0}
    - target: {fileID: 400000, guid: 0a7394c4f3448aa4babb85783a35864b, type: 3}
      propertyPath: m_LocalEulerAnglesHint.x
      value: 0
      objectReference: {fileID: 0}
    - target: {fileID: 400000, guid: 0a7394c4f3448aa4babb85783a35864b, type: 3}
      propertyPath: m_LocalEulerAnglesHint.y
      value: 0
      objectReference: {fileID: 0}
    - target: {fileID: 400000, guid: 0a7394c4f3448aa4babb85783a35864b, type: 3}
      propertyPath: m_LocalEulerAnglesHint.z
      value: 0
      objectReference: {fileID: 0}
    - target: {fileID: 6400000, guid: 0a7394c4f3448aa4babb85783a35864b, type: 3}
      propertyPath: m_Convex
      value: 1
      objectReference: {fileID: 0}
    m_RemovedComponents: []
  m_SourcePrefab: {fileID: 100100000, guid: 0a7394c4f3448aa4babb85783a35864b, type: 3}
--- !u!4 &4140001843291218868 stripped
Transform:
  m_CorrespondingSourceObject: {fileID: 400000, guid: 0a7394c4f3448aa4babb85783a35864b,
    type: 3}
  m_PrefabInstance: {fileID: 4140001843291093300}
  m_PrefabAsset: {fileID: 0}
--- !u!1001 &4284683367285589201
PrefabInstance:
  m_ObjectHideFlags: 0
  serializedVersion: 2
  m_Modification:
    m_TransformParent: {fileID: 468603526795965428}
    m_Modifications:
    - target: {fileID: 100000, guid: 7ebc33a237472ed498ed3babd523a1ae, type: 3}
      propertyPath: m_Name
      value: 07_Booster
      objectReference: {fileID: 0}
    - target: {fileID: 400000, guid: 7ebc33a237472ed498ed3babd523a1ae, type: 3}
      propertyPath: m_LocalPosition.x
      value: -0
      objectReference: {fileID: 0}
    - target: {fileID: 400000, guid: 7ebc33a237472ed498ed3babd523a1ae, type: 3}
      propertyPath: m_LocalPosition.y
      value: 0
      objectReference: {fileID: 0}
    - target: {fileID: 400000, guid: 7ebc33a237472ed498ed3babd523a1ae, type: 3}
      propertyPath: m_LocalPosition.z
      value: 0
      objectReference: {fileID: 0}
    - target: {fileID: 400000, guid: 7ebc33a237472ed498ed3babd523a1ae, type: 3}
      propertyPath: m_LocalRotation.x
      value: 0
      objectReference: {fileID: 0}
    - target: {fileID: 400000, guid: 7ebc33a237472ed498ed3babd523a1ae, type: 3}
      propertyPath: m_LocalRotation.y
      value: -0
      objectReference: {fileID: 0}
    - target: {fileID: 400000, guid: 7ebc33a237472ed498ed3babd523a1ae, type: 3}
      propertyPath: m_LocalRotation.z
      value: -0
      objectReference: {fileID: 0}
    - target: {fileID: 400000, guid: 7ebc33a237472ed498ed3babd523a1ae, type: 3}
      propertyPath: m_LocalRotation.w
      value: 1
      objectReference: {fileID: 0}
    - target: {fileID: 400000, guid: 7ebc33a237472ed498ed3babd523a1ae, type: 3}
      propertyPath: m_RootOrder
      value: 6
      objectReference: {fileID: 0}
    - target: {fileID: 400000, guid: 7ebc33a237472ed498ed3babd523a1ae, type: 3}
      propertyPath: m_LocalEulerAnglesHint.x
      value: 0
      objectReference: {fileID: 0}
    - target: {fileID: 400000, guid: 7ebc33a237472ed498ed3babd523a1ae, type: 3}
      propertyPath: m_LocalEulerAnglesHint.y
      value: 0
      objectReference: {fileID: 0}
    - target: {fileID: 400000, guid: 7ebc33a237472ed498ed3babd523a1ae, type: 3}
      propertyPath: m_LocalEulerAnglesHint.z
      value: 0
      objectReference: {fileID: 0}
    - target: {fileID: 6400000, guid: 7ebc33a237472ed498ed3babd523a1ae, type: 3}
      propertyPath: m_Convex
      value: 1
      objectReference: {fileID: 0}
    - target: {fileID: 6400000, guid: 7ebc33a237472ed498ed3babd523a1ae, type: 3}
      propertyPath: m_Enabled
      value: 0
      objectReference: {fileID: 0}
    m_RemovedComponents: []
  m_SourcePrefab: {fileID: 100100000, guid: 7ebc33a237472ed498ed3babd523a1ae, type: 3}
--- !u!4 &4284683367285464657 stripped
Transform:
  m_CorrespondingSourceObject: {fileID: 400000, guid: 7ebc33a237472ed498ed3babd523a1ae,
    type: 3}
  m_PrefabInstance: {fileID: 4284683367285589201}
  m_PrefabAsset: {fileID: 0}
--- !u!1001 &4920643393419670226
PrefabInstance:
  m_ObjectHideFlags: 0
  serializedVersion: 2
  m_Modification:
    m_TransformParent: {fileID: 468603526795965428}
    m_Modifications:
    - target: {fileID: 100000, guid: f99c4deb086b97747b89b9aa099ee66e, type: 3}
      propertyPath: m_Name
      value: 04_TwinChassy
      objectReference: {fileID: 0}
    - target: {fileID: 400000, guid: f99c4deb086b97747b89b9aa099ee66e, type: 3}
      propertyPath: m_LocalPosition.x
      value: -0
      objectReference: {fileID: 0}
    - target: {fileID: 400000, guid: f99c4deb086b97747b89b9aa099ee66e, type: 3}
      propertyPath: m_LocalPosition.y
      value: 0
      objectReference: {fileID: 0}
    - target: {fileID: 400000, guid: f99c4deb086b97747b89b9aa099ee66e, type: 3}
      propertyPath: m_LocalPosition.z
      value: 0
      objectReference: {fileID: 0}
    - target: {fileID: 400000, guid: f99c4deb086b97747b89b9aa099ee66e, type: 3}
      propertyPath: m_LocalRotation.x
      value: 0
      objectReference: {fileID: 0}
    - target: {fileID: 400000, guid: f99c4deb086b97747b89b9aa099ee66e, type: 3}
      propertyPath: m_LocalRotation.y
      value: -0
      objectReference: {fileID: 0}
    - target: {fileID: 400000, guid: f99c4deb086b97747b89b9aa099ee66e, type: 3}
      propertyPath: m_LocalRotation.z
      value: -0
      objectReference: {fileID: 0}
    - target: {fileID: 400000, guid: f99c4deb086b97747b89b9aa099ee66e, type: 3}
      propertyPath: m_LocalRotation.w
      value: 1
      objectReference: {fileID: 0}
    - target: {fileID: 400000, guid: f99c4deb086b97747b89b9aa099ee66e, type: 3}
      propertyPath: m_RootOrder
      value: 3
      objectReference: {fileID: 0}
    - target: {fileID: 400000, guid: f99c4deb086b97747b89b9aa099ee66e, type: 3}
      propertyPath: m_LocalEulerAnglesHint.x
      value: 0
      objectReference: {fileID: 0}
    - target: {fileID: 400000, guid: f99c4deb086b97747b89b9aa099ee66e, type: 3}
      propertyPath: m_LocalEulerAnglesHint.y
      value: 0
      objectReference: {fileID: 0}
    - target: {fileID: 400000, guid: f99c4deb086b97747b89b9aa099ee66e, type: 3}
      propertyPath: m_LocalEulerAnglesHint.z
      value: 0
      objectReference: {fileID: 0}
    - target: {fileID: 6400000, guid: f99c4deb086b97747b89b9aa099ee66e, type: 3}
      propertyPath: m_Convex
      value: 1
      objectReference: {fileID: 0}
    - target: {fileID: 6400000, guid: f99c4deb086b97747b89b9aa099ee66e, type: 3}
      propertyPath: m_Enabled
      value: 0
      objectReference: {fileID: 0}
    m_RemovedComponents: []
  m_SourcePrefab: {fileID: 100100000, guid: f99c4deb086b97747b89b9aa099ee66e, type: 3}
--- !u!4 &4920643393419274322 stripped
Transform:
  m_CorrespondingSourceObject: {fileID: 400000, guid: f99c4deb086b97747b89b9aa099ee66e,
    type: 3}
  m_PrefabInstance: {fileID: 4920643393419670226}
  m_PrefabAsset: {fileID: 0}
--- !u!1001 &6136588953695443274
PrefabInstance:
  m_ObjectHideFlags: 0
  serializedVersion: 2
  m_Modification:
    m_TransformParent: {fileID: 468603526795965428}
    m_Modifications:
    - target: {fileID: 100000, guid: 76e1fd78a2a8f29458135eaeb92df854, type: 3}
      propertyPath: m_Name
      value: 02_CockpitExtension
      objectReference: {fileID: 0}
    - target: {fileID: 400000, guid: 76e1fd78a2a8f29458135eaeb92df854, type: 3}
      propertyPath: m_LocalPosition.x
      value: -0
      objectReference: {fileID: 0}
    - target: {fileID: 400000, guid: 76e1fd78a2a8f29458135eaeb92df854, type: 3}
      propertyPath: m_LocalPosition.y
      value: 0
      objectReference: {fileID: 0}
    - target: {fileID: 400000, guid: 76e1fd78a2a8f29458135eaeb92df854, type: 3}
      propertyPath: m_LocalPosition.z
      value: 0
      objectReference: {fileID: 0}
    - target: {fileID: 400000, guid: 76e1fd78a2a8f29458135eaeb92df854, type: 3}
      propertyPath: m_LocalRotation.x
      value: 0
      objectReference: {fileID: 0}
    - target: {fileID: 400000, guid: 76e1fd78a2a8f29458135eaeb92df854, type: 3}
      propertyPath: m_LocalRotation.y
      value: -0
      objectReference: {fileID: 0}
    - target: {fileID: 400000, guid: 76e1fd78a2a8f29458135eaeb92df854, type: 3}
      propertyPath: m_LocalRotation.z
      value: -0
      objectReference: {fileID: 0}
    - target: {fileID: 400000, guid: 76e1fd78a2a8f29458135eaeb92df854, type: 3}
      propertyPath: m_LocalRotation.w
      value: 1
      objectReference: {fileID: 0}
    - target: {fileID: 400000, guid: 76e1fd78a2a8f29458135eaeb92df854, type: 3}
      propertyPath: m_RootOrder
      value: 1
      objectReference: {fileID: 0}
    - target: {fileID: 400000, guid: 76e1fd78a2a8f29458135eaeb92df854, type: 3}
      propertyPath: m_LocalEulerAnglesHint.x
      value: 0
      objectReference: {fileID: 0}
    - target: {fileID: 400000, guid: 76e1fd78a2a8f29458135eaeb92df854, type: 3}
      propertyPath: m_LocalEulerAnglesHint.y
      value: 0
      objectReference: {fileID: 0}
    - target: {fileID: 400000, guid: 76e1fd78a2a8f29458135eaeb92df854, type: 3}
      propertyPath: m_LocalEulerAnglesHint.z
      value: 0
      objectReference: {fileID: 0}
    - target: {fileID: 6400000, guid: 76e1fd78a2a8f29458135eaeb92df854, type: 3}
      propertyPath: m_Convex
      value: 1
      objectReference: {fileID: 0}
    m_RemovedComponents: []
  m_SourcePrefab: {fileID: 100100000, guid: 76e1fd78a2a8f29458135eaeb92df854, type: 3}
--- !u!4 &6136588953695568842 stripped
Transform:
  m_CorrespondingSourceObject: {fileID: 400000, guid: 76e1fd78a2a8f29458135eaeb92df854,
    type: 3}
  m_PrefabInstance: {fileID: 6136588953695443274}
  m_PrefabAsset: {fileID: 0}
--- !u!1001 &7043891924215356679
PrefabInstance:
  m_ObjectHideFlags: 0
  serializedVersion: 2
  m_Modification:
    m_TransformParent: {fileID: 468603526795965428}
    m_Modifications:
    - target: {fileID: 100000, guid: 8394ef6dd92bd954facd71472ae5ca20, type: 3}
      propertyPath: m_Name
      value: 08_Gun_L
      objectReference: {fileID: 0}
    - target: {fileID: 400000, guid: 8394ef6dd92bd954facd71472ae5ca20, type: 3}
      propertyPath: m_LocalPosition.x
      value: -0
      objectReference: {fileID: 0}
    - target: {fileID: 400000, guid: 8394ef6dd92bd954facd71472ae5ca20, type: 3}
      propertyPath: m_LocalPosition.y
      value: 0
      objectReference: {fileID: 0}
    - target: {fileID: 400000, guid: 8394ef6dd92bd954facd71472ae5ca20, type: 3}
      propertyPath: m_LocalPosition.z
      value: 0
      objectReference: {fileID: 0}
    - target: {fileID: 400000, guid: 8394ef6dd92bd954facd71472ae5ca20, type: 3}
      propertyPath: m_LocalRotation.x
      value: 0
      objectReference: {fileID: 0}
    - target: {fileID: 400000, guid: 8394ef6dd92bd954facd71472ae5ca20, type: 3}
      propertyPath: m_LocalRotation.y
      value: -0
      objectReference: {fileID: 0}
    - target: {fileID: 400000, guid: 8394ef6dd92bd954facd71472ae5ca20, type: 3}
      propertyPath: m_LocalRotation.z
      value: -0
      objectReference: {fileID: 0}
    - target: {fileID: 400000, guid: 8394ef6dd92bd954facd71472ae5ca20, type: 3}
      propertyPath: m_LocalRotation.w
      value: 1
      objectReference: {fileID: 0}
    - target: {fileID: 400000, guid: 8394ef6dd92bd954facd71472ae5ca20, type: 3}
      propertyPath: m_RootOrder
      value: 8
      objectReference: {fileID: 0}
    - target: {fileID: 400000, guid: 8394ef6dd92bd954facd71472ae5ca20, type: 3}
      propertyPath: m_LocalEulerAnglesHint.x
      value: 0
      objectReference: {fileID: 0}
    - target: {fileID: 400000, guid: 8394ef6dd92bd954facd71472ae5ca20, type: 3}
      propertyPath: m_LocalEulerAnglesHint.y
      value: 0
      objectReference: {fileID: 0}
    - target: {fileID: 400000, guid: 8394ef6dd92bd954facd71472ae5ca20, type: 3}
      propertyPath: m_LocalEulerAnglesHint.z
      value: 0
      objectReference: {fileID: 0}
    - target: {fileID: 400000, guid: 8394ef6dd92bd954facd71472ae5ca20, type: 3}
      propertyPath: m_LocalScale.x
      value: -1
      objectReference: {fileID: 0}
    - target: {fileID: 6400000, guid: 8394ef6dd92bd954facd71472ae5ca20, type: 3}
      propertyPath: m_Convex
      value: 1
      objectReference: {fileID: 0}
    m_RemovedComponents: []
  m_SourcePrefab: {fileID: 100100000, guid: 8394ef6dd92bd954facd71472ae5ca20, type: 3}
--- !u!4 &7043891924215744391 stripped
Transform:
  m_CorrespondingSourceObject: {fileID: 400000, guid: 8394ef6dd92bd954facd71472ae5ca20,
    type: 3}
  m_PrefabInstance: {fileID: 7043891924215356679}
  m_PrefabAsset: {fileID: 0}
--- !u!1001 &7115811182543414725
PrefabInstance:
  m_ObjectHideFlags: 0
  serializedVersion: 2
  m_Modification:
    m_TransformParent: {fileID: 468603526795965428}
    m_Modifications:
    - target: {fileID: 100000, guid: f99c4deb086b97747b89b9aa099ee66e, type: 3}
      propertyPath: m_Name
      value: 04_TwinChassy_R
      objectReference: {fileID: 0}
    - target: {fileID: 400000, guid: f99c4deb086b97747b89b9aa099ee66e, type: 3}
      propertyPath: m_LocalPosition.x
      value: -0
      objectReference: {fileID: 0}
    - target: {fileID: 400000, guid: f99c4deb086b97747b89b9aa099ee66e, type: 3}
      propertyPath: m_LocalPosition.y
      value: 0
      objectReference: {fileID: 0}
    - target: {fileID: 400000, guid: f99c4deb086b97747b89b9aa099ee66e, type: 3}
      propertyPath: m_LocalPosition.z
      value: 0
      objectReference: {fileID: 0}
    - target: {fileID: 400000, guid: f99c4deb086b97747b89b9aa099ee66e, type: 3}
      propertyPath: m_LocalRotation.x
      value: 0
      objectReference: {fileID: 0}
    - target: {fileID: 400000, guid: f99c4deb086b97747b89b9aa099ee66e, type: 3}
      propertyPath: m_LocalRotation.y
      value: -0
      objectReference: {fileID: 0}
    - target: {fileID: 400000, guid: f99c4deb086b97747b89b9aa099ee66e, type: 3}
      propertyPath: m_LocalRotation.z
      value: -0
      objectReference: {fileID: 0}
    - target: {fileID: 400000, guid: f99c4deb086b97747b89b9aa099ee66e, type: 3}
      propertyPath: m_LocalRotation.w
      value: 1
      objectReference: {fileID: 0}
    - target: {fileID: 400000, guid: f99c4deb086b97747b89b9aa099ee66e, type: 3}
      propertyPath: m_RootOrder
      value: 9
      objectReference: {fileID: 0}
    - target: {fileID: 400000, guid: f99c4deb086b97747b89b9aa099ee66e, type: 3}
      propertyPath: m_LocalEulerAnglesHint.x
      value: 0
      objectReference: {fileID: 0}
    - target: {fileID: 400000, guid: f99c4deb086b97747b89b9aa099ee66e, type: 3}
      propertyPath: m_LocalEulerAnglesHint.y
      value: 0
      objectReference: {fileID: 0}
    - target: {fileID: 400000, guid: f99c4deb086b97747b89b9aa099ee66e, type: 3}
      propertyPath: m_LocalEulerAnglesHint.z
      value: 0
      objectReference: {fileID: 0}
    - target: {fileID: 400000, guid: f99c4deb086b97747b89b9aa099ee66e, type: 3}
      propertyPath: m_LocalScale.x
      value: -1
      objectReference: {fileID: 0}
    - target: {fileID: 6400000, guid: f99c4deb086b97747b89b9aa099ee66e, type: 3}
      propertyPath: m_Convex
      value: 1
      objectReference: {fileID: 0}
    - target: {fileID: 6400000, guid: f99c4deb086b97747b89b9aa099ee66e, type: 3}
      propertyPath: m_Enabled
      value: 0
      objectReference: {fileID: 0}
    m_RemovedComponents: []
  m_SourcePrefab: {fileID: 100100000, guid: f99c4deb086b97747b89b9aa099ee66e, type: 3}
--- !u!4 &7115811182543814469 stripped
Transform:
  m_CorrespondingSourceObject: {fileID: 400000, guid: f99c4deb086b97747b89b9aa099ee66e,
    type: 3}
  m_PrefabInstance: {fileID: 7115811182543414725}
  m_PrefabAsset: {fileID: 0}
--- !u!1001 &7813314061012655129
PrefabInstance:
  m_ObjectHideFlags: 0
  serializedVersion: 2
  m_Modification:
    m_TransformParent: {fileID: 468603526795965428}
    m_Modifications:
    - target: {fileID: 100000, guid: 76185065d0a3b9e4ba0078f3f7e09a04, type: 3}
      propertyPath: m_Name
      value: 01_Cockpit
      objectReference: {fileID: 0}
    - target: {fileID: 400000, guid: 76185065d0a3b9e4ba0078f3f7e09a04, type: 3}
      propertyPath: m_LocalPosition.x
      value: -0
      objectReference: {fileID: 0}
    - target: {fileID: 400000, guid: 76185065d0a3b9e4ba0078f3f7e09a04, type: 3}
      propertyPath: m_LocalPosition.y
      value: 0
      objectReference: {fileID: 0}
    - target: {fileID: 400000, guid: 76185065d0a3b9e4ba0078f3f7e09a04, type: 3}
      propertyPath: m_LocalPosition.z
      value: 0
      objectReference: {fileID: 0}
    - target: {fileID: 400000, guid: 76185065d0a3b9e4ba0078f3f7e09a04, type: 3}
      propertyPath: m_LocalRotation.x
      value: 0
      objectReference: {fileID: 0}
    - target: {fileID: 400000, guid: 76185065d0a3b9e4ba0078f3f7e09a04, type: 3}
      propertyPath: m_LocalRotation.y
      value: -0
      objectReference: {fileID: 0}
    - target: {fileID: 400000, guid: 76185065d0a3b9e4ba0078f3f7e09a04, type: 3}
      propertyPath: m_LocalRotation.z
      value: -0
      objectReference: {fileID: 0}
    - target: {fileID: 400000, guid: 76185065d0a3b9e4ba0078f3f7e09a04, type: 3}
      propertyPath: m_LocalRotation.w
      value: 1
      objectReference: {fileID: 0}
    - target: {fileID: 400000, guid: 76185065d0a3b9e4ba0078f3f7e09a04, type: 3}
      propertyPath: m_RootOrder
      value: 0
      objectReference: {fileID: 0}
    - target: {fileID: 400000, guid: 76185065d0a3b9e4ba0078f3f7e09a04, type: 3}
      propertyPath: m_LocalEulerAnglesHint.x
      value: 0
      objectReference: {fileID: 0}
    - target: {fileID: 400000, guid: 76185065d0a3b9e4ba0078f3f7e09a04, type: 3}
      propertyPath: m_LocalEulerAnglesHint.y
      value: 0
      objectReference: {fileID: 0}
    - target: {fileID: 400000, guid: 76185065d0a3b9e4ba0078f3f7e09a04, type: 3}
      propertyPath: m_LocalEulerAnglesHint.z
      value: 0
      objectReference: {fileID: 0}
    - target: {fileID: 6400000, guid: 76185065d0a3b9e4ba0078f3f7e09a04, type: 3}
      propertyPath: m_Convex
      value: 1
      objectReference: {fileID: 0}
    - target: {fileID: 6400000, guid: 76185065d0a3b9e4ba0078f3f7e09a04, type: 3}
      propertyPath: m_Enabled
      value: 0
      objectReference: {fileID: 0}
    m_RemovedComponents: []
  m_SourcePrefab: {fileID: 100100000, guid: 76185065d0a3b9e4ba0078f3f7e09a04, type: 3}
--- !u!4 &7813314061013042841 stripped
Transform:
  m_CorrespondingSourceObject: {fileID: 400000, guid: 76185065d0a3b9e4ba0078f3f7e09a04,
    type: 3}
  m_PrefabInstance: {fileID: 7813314061012655129}
  m_PrefabAsset: {fileID: 0}
--- !u!1001 &8037754997665372372
PrefabInstance:
  m_ObjectHideFlags: 0
  serializedVersion: 2
  m_Modification:
    m_TransformParent: {fileID: 468603526795965428}
    m_Modifications:
    - target: {fileID: 100000, guid: aae657abbd712434a90e077e57c531c4, type: 3}
      propertyPath: m_Name
      value: 06_BoosterPlug
      objectReference: {fileID: 0}
    - target: {fileID: 400000, guid: aae657abbd712434a90e077e57c531c4, type: 3}
      propertyPath: m_LocalPosition.x
      value: -0
      objectReference: {fileID: 0}
    - target: {fileID: 400000, guid: aae657abbd712434a90e077e57c531c4, type: 3}
      propertyPath: m_LocalPosition.y
      value: 0
      objectReference: {fileID: 0}
    - target: {fileID: 400000, guid: aae657abbd712434a90e077e57c531c4, type: 3}
      propertyPath: m_LocalPosition.z
      value: 0
      objectReference: {fileID: 0}
    - target: {fileID: 400000, guid: aae657abbd712434a90e077e57c531c4, type: 3}
      propertyPath: m_LocalRotation.x
      value: 0
      objectReference: {fileID: 0}
    - target: {fileID: 400000, guid: aae657abbd712434a90e077e57c531c4, type: 3}
      propertyPath: m_LocalRotation.y
      value: -0
      objectReference: {fileID: 0}
    - target: {fileID: 400000, guid: aae657abbd712434a90e077e57c531c4, type: 3}
      propertyPath: m_LocalRotation.z
      value: -0
      objectReference: {fileID: 0}
    - target: {fileID: 400000, guid: aae657abbd712434a90e077e57c531c4, type: 3}
      propertyPath: m_LocalRotation.w
      value: 1
      objectReference: {fileID: 0}
    - target: {fileID: 400000, guid: aae657abbd712434a90e077e57c531c4, type: 3}
      propertyPath: m_RootOrder
      value: 5
      objectReference: {fileID: 0}
    - target: {fileID: 400000, guid: aae657abbd712434a90e077e57c531c4, type: 3}
      propertyPath: m_LocalEulerAnglesHint.x
      value: 0
      objectReference: {fileID: 0}
    - target: {fileID: 400000, guid: aae657abbd712434a90e077e57c531c4, type: 3}
      propertyPath: m_LocalEulerAnglesHint.y
      value: 0
      objectReference: {fileID: 0}
    - target: {fileID: 400000, guid: aae657abbd712434a90e077e57c531c4, type: 3}
      propertyPath: m_LocalEulerAnglesHint.z
      value: 0
      objectReference: {fileID: 0}
    - target: {fileID: 6400000, guid: aae657abbd712434a90e077e57c531c4, type: 3}
      propertyPath: m_Convex
      value: 1
      objectReference: {fileID: 0}
    - target: {fileID: 6400000, guid: aae657abbd712434a90e077e57c531c4, type: 3}
      propertyPath: m_Enabled
      value: 0
      objectReference: {fileID: 0}
    m_RemovedComponents: []
  m_SourcePrefab: {fileID: 100100000, guid: aae657abbd712434a90e077e57c531c4, type: 3}
--- !u!4 &8037754997664973396 stripped
Transform:
  m_CorrespondingSourceObject: {fileID: 400000, guid: aae657abbd712434a90e077e57c531c4,
    type: 3}
  m_PrefabInstance: {fileID: 8037754997665372372}
  m_PrefabAsset: {fileID: 0}
--- !u!1001 &8238782308730034972
PrefabInstance:
  m_ObjectHideFlags: 0
  serializedVersion: 2
  m_Modification:
    m_TransformParent: {fileID: 468603526795965428}
    m_Modifications:
    - target: {fileID: 100000, guid: 6e604203dea50e1468e46e3b726d4b6b, type: 3}
      propertyPath: m_Name
      value: 03_CoreChassy
      objectReference: {fileID: 0}
    - target: {fileID: 400000, guid: 6e604203dea50e1468e46e3b726d4b6b, type: 3}
      propertyPath: m_LocalPosition.x
      value: -0
      objectReference: {fileID: 0}
    - target: {fileID: 400000, guid: 6e604203dea50e1468e46e3b726d4b6b, type: 3}
      propertyPath: m_LocalPosition.y
      value: 0
      objectReference: {fileID: 0}
    - target: {fileID: 400000, guid: 6e604203dea50e1468e46e3b726d4b6b, type: 3}
      propertyPath: m_LocalPosition.z
      value: 0
      objectReference: {fileID: 0}
    - target: {fileID: 400000, guid: 6e604203dea50e1468e46e3b726d4b6b, type: 3}
      propertyPath: m_LocalRotation.x
      value: 0
      objectReference: {fileID: 0}
    - target: {fileID: 400000, guid: 6e604203dea50e1468e46e3b726d4b6b, type: 3}
      propertyPath: m_LocalRotation.y
      value: -0
      objectReference: {fileID: 0}
    - target: {fileID: 400000, guid: 6e604203dea50e1468e46e3b726d4b6b, type: 3}
      propertyPath: m_LocalRotation.z
      value: -0
      objectReference: {fileID: 0}
    - target: {fileID: 400000, guid: 6e604203dea50e1468e46e3b726d4b6b, type: 3}
      propertyPath: m_LocalRotation.w
      value: 1
      objectReference: {fileID: 0}
    - target: {fileID: 400000, guid: 6e604203dea50e1468e46e3b726d4b6b, type: 3}
      propertyPath: m_RootOrder
      value: 2
      objectReference: {fileID: 0}
    - target: {fileID: 400000, guid: 6e604203dea50e1468e46e3b726d4b6b, type: 3}
      propertyPath: m_LocalEulerAnglesHint.x
      value: 0
      objectReference: {fileID: 0}
    - target: {fileID: 400000, guid: 6e604203dea50e1468e46e3b726d4b6b, type: 3}
      propertyPath: m_LocalEulerAnglesHint.y
      value: 0
      objectReference: {fileID: 0}
    - target: {fileID: 400000, guid: 6e604203dea50e1468e46e3b726d4b6b, type: 3}
      propertyPath: m_LocalEulerAnglesHint.z
      value: 0
      objectReference: {fileID: 0}
    - target: {fileID: 6400000, guid: 6e604203dea50e1468e46e3b726d4b6b, type: 3}
      propertyPath: m_Convex
      value: 1
      objectReference: {fileID: 0}
    m_RemovedComponents: []
  m_SourcePrefab: {fileID: 100100000, guid: 6e604203dea50e1468e46e3b726d4b6b, type: 3}
--- !u!4 &8238782308730421660 stripped
Transform:
  m_CorrespondingSourceObject: {fileID: 400000, guid: 6e604203dea50e1468e46e3b726d4b6b,
    type: 3}
  m_PrefabInstance: {fileID: 8238782308730034972}
  m_PrefabAsset: {fileID: 0}
--- !u!1001 &8328075426315981671
PrefabInstance:
  m_ObjectHideFlags: 0
  serializedVersion: 2
  m_Modification:
    m_TransformParent: {fileID: 468603526795965428}
    m_Modifications:
    - target: {fileID: 100000, guid: 8394ef6dd92bd954facd71472ae5ca20, type: 3}
      propertyPath: m_Name
      value: 08_Gun_R
      objectReference: {fileID: 0}
    - target: {fileID: 400000, guid: 8394ef6dd92bd954facd71472ae5ca20, type: 3}
      propertyPath: m_LocalPosition.x
      value: -0
      objectReference: {fileID: 0}
    - target: {fileID: 400000, guid: 8394ef6dd92bd954facd71472ae5ca20, type: 3}
      propertyPath: m_LocalPosition.y
      value: 0
      objectReference: {fileID: 0}
    - target: {fileID: 400000, guid: 8394ef6dd92bd954facd71472ae5ca20, type: 3}
      propertyPath: m_LocalPosition.z
      value: 0
      objectReference: {fileID: 0}
    - target: {fileID: 400000, guid: 8394ef6dd92bd954facd71472ae5ca20, type: 3}
      propertyPath: m_LocalRotation.x
      value: 0
      objectReference: {fileID: 0}
    - target: {fileID: 400000, guid: 8394ef6dd92bd954facd71472ae5ca20, type: 3}
      propertyPath: m_LocalRotation.y
      value: -0
      objectReference: {fileID: 0}
    - target: {fileID: 400000, guid: 8394ef6dd92bd954facd71472ae5ca20, type: 3}
      propertyPath: m_LocalRotation.z
      value: -0
      objectReference: {fileID: 0}
    - target: {fileID: 400000, guid: 8394ef6dd92bd954facd71472ae5ca20, type: 3}
      propertyPath: m_LocalRotation.w
      value: 1
      objectReference: {fileID: 0}
    - target: {fileID: 400000, guid: 8394ef6dd92bd954facd71472ae5ca20, type: 3}
      propertyPath: m_RootOrder
      value: 7
      objectReference: {fileID: 0}
    - target: {fileID: 400000, guid: 8394ef6dd92bd954facd71472ae5ca20, type: 3}
      propertyPath: m_LocalEulerAnglesHint.x
      value: 0
      objectReference: {fileID: 0}
    - target: {fileID: 400000, guid: 8394ef6dd92bd954facd71472ae5ca20, type: 3}
      propertyPath: m_LocalEulerAnglesHint.y
      value: 0
      objectReference: {fileID: 0}
    - target: {fileID: 400000, guid: 8394ef6dd92bd954facd71472ae5ca20, type: 3}
      propertyPath: m_LocalEulerAnglesHint.z
      value: 0
      objectReference: {fileID: 0}
    - target: {fileID: 6400000, guid: 8394ef6dd92bd954facd71472ae5ca20, type: 3}
      propertyPath: m_Convex
      value: 1
      objectReference: {fileID: 0}
    m_RemovedComponents: []
  m_SourcePrefab: {fileID: 100100000, guid: 8394ef6dd92bd954facd71472ae5ca20, type: 3}
--- !u!4 &8328075426316372455 stripped
Transform:
  m_CorrespondingSourceObject: {fileID: 400000, guid: 8394ef6dd92bd954facd71472ae5ca20,
    type: 3}
  m_PrefabInstance: {fileID: 8328075426315981671}
  m_PrefabAsset: {fileID: 0}
